@book{puterman2009markov,
  title={Markov decision processes: discrete stochastic dynamic programming},
  author={Puterman, Martin L},
  volume={414},
  year={2009},
  publisher={Wiley. com}
}

@book{russell1995artificial,
  title={Artificial intelligence: a modern approach},
  author={Russell, Stuart Jonathan and Norvig, Peter and Canny, John F and Malik, Jitendra M and Edwards, Douglas D},
  volume={74},
  year={1995},
  publisher={Prentice hall Englewood Cliffs}
}

@misc{knuth1981art,
  title={The Art of Programming, vol. 2, Semi-Numerical Algorithms},
  author={Knuth, Donald E},
  year={1981},
  publisher={Addison Wesley, Reading, MA}
}
